@online{artela2023,
  title={Artela: Rich blockchain for rich dApps},
  author={Artela Network},
  year={2023},
  howpublished={https://www.artela.network/}
}

@article{wood2014ethereum,
  title={Ethereum: A secure decentralised generalised transaction ledger},
  author={Wood, Gavin and others},
  journal={Ethereum project yellow paper},
  volume={151},
  number={2014},
  pages={1--32},
  year={2014}
}

@mastersthesis{johansson2009designing,
  title={Designing for Extensibility: An action research study of maximizing extensibility by means of design principles},
  author={Johansson, Niklas and L{\"o}fgren, Anton},
  type={{B.S.} thesis},
  year={2009}
}

@article{garriga2021blockchain,
  title={Blockchain and cryptocurrencies: A classification and comparison of architecture drivers},
  author={Garriga, Martin and Dalla Palma, Stefano and Arias, Maxmiliano and De Renzis, Alan and Pareschi, Remo and Andrew Tamburri, Damian},
  journal={Concurrency and Computation: Practice and Experience},
  volume={33},
  number={8},
  pages={e5992},
  year={2021},
  publisher={Wiley Online Library}
}

@article{nakamoto2008bitcoin,
  title={A peer-to-peer electronic cash system},
  author={Nakamoto, Satoshi and Bitcoin, A},
  journal={Bitcoin.--URL: https://bitcoin.org/bitcoin.pdf},
  volume={4},
  number={2},
  pages={15},
  year={2008}
}

@article{buterin2014next,
  title={A next-generation smart contract and decentralized application platform},
  author={Buterin, Vitalik and others},
  journal={white paper},
  volume={3},
  number={37},
  pages={2--1},
  year={2014}
}

@article{blackshear2019move,
  title={Move: A language with programmable resources},
  author={Blackshear, Sam and Cheng, Evan and Dill, David L and Gao, Victor and Maurer, Ben and Nowacki, Todd and Pott, Alistair and Qadeer, Shaz and Rain, Dario Russi and Sezer, Stephane and others},
  journal={Libra Assoc},
  pages={1},
  year={2019}
}

@online{web3foundation2020,
  title={Substrate: The Blockchain Framework for a Multichain Future},
  year={2023},
  howpublished={https://substrate.io/}
}

@online{avalanchewhitepaper,
  title={Avalanche Platform Whitepaper},
  author={Kevin Sekniqi, Daniel Laine, Stephen Buttolph, and Emin GÂ¨un Sirer},
  year={2018},
  howpublished={https://www.avalabs.org/whitepapers}
}

@online{webassembly,
  title={WebAssembly},
  year={2023},
  howpublished={https://webassembly.org/}
}

@online{ethereum2020evm,
  title={Ethereum Yellow Paper: Ethereum Virtual Machine (EVM)},
  author={Ethereum Foundation},
  year={2020},
  howpublished={https://ethereum.github.io/yellowpaper/paper.pdf}
}

